<?xml version="1.0" encoding="UTF-8"?><record xmlns="http://www.loc.gov/MARC21/slim" xmlns:cinclude="http://apache.org/cocoon/include/1.0" xmlns:zs="http://www.loc.gov/zing/srw/">
  <leader>00653nz  a2200121n  4500</leader>
  <controlfield tag="001">n 2014002047</controlfield>
  <controlfield tag="003">DLC</controlfield>
  <controlfield tag="005">20140111080258.0</controlfield>
  <controlfield tag="008">140111n| azannaabn          |n aaa      </controlfield>
  <datafield tag="010" ind1=" " ind2=" ">
    <subfield code="a">n 2014002047</subfield>
  </datafield>
  <datafield tag="040" ind1=" " ind2=" ">
    <subfield code="a">DLC</subfield>
    <subfield code="b">eng</subfield>
    <subfield code="e">rda</subfield>
    <subfield code="c">DLC</subfield>
  </datafield>
  <datafield tag="100" ind1="1" ind2=" ">
    <subfield code="a">Guedah, Mohamed</subfield>
  </datafield>
  <datafield tag="670" ind1=" " ind2=" ">
    <subfield code="a">Délinquances et changements sociaux des modes de vie et des pratiques d'intervention dialogue sud-nord, 2009:</subfield>
    <subfield code="b">t.p. (Mohamed Guedah) p. 4 of cover (docteur en psychologie Université de Paris V, conseil de Association internationale des criminologues de langue française; professeur de l'enseignenment supêrieur, ched de departement de psychologie Université Mohammed V-Agdal-Rabat)</subfield>
  </datafield>
</record>